%YAML 1.1
%TAG !u! tag:unity3d.com,2011:
--- !u!1 &691051543725094715
GameObject:
  m_ObjectHideFlags: 0
  m_CorrespondingSourceObject: {fileID: 0}
  m_PrefabInstance: {fileID: 0}
  m_PrefabAsset: {fileID: 0}
  serializedVersion: 6
  m_Component:
  - component: {fileID: 1406148602499953224}
  - component: {fileID: 40564771982500791}
  - component: {fileID: 192987791520122}
  m_Layer: 0
  m_Name: Stats
  m_TagString: Untagged
  m_Icon: {fileID: 0}
  m_NavMeshLayer: 0
  m_StaticEditorFlags: 0
  m_IsActive: 1
--- !u!4 &1406148602499953224
Transform:
  m_ObjectHideFlags: 0
  m_CorrespondingSourceObject: {fileID: 0}
  m_PrefabInstance: {fileID: 0}
  m_PrefabAsset: {fileID: 0}
  m_GameObject: {fileID: 691051543725094715}
  m_LocalRotation: {x: 0, y: 0, z: 0, w: 1}
  m_LocalPosition: {x: 0, y: 0, z: 0}
  m_LocalScale: {x: 1, y: 1, z: 1}
  m_ConstrainProportionsScale: 0
  m_Children: []
  m_Father: {fileID: 1757268876551938599}
  m_RootOrder: 5
  m_LocalEulerAnglesHint: {x: 0, y: 0, z: 0}
--- !u!114 &40564771982500791
MonoBehaviour:
  m_ObjectHideFlags: 0
  m_CorrespondingSourceObject: {fileID: 0}
  m_PrefabInstance: {fileID: 0}
  m_PrefabAsset: {fileID: 0}
  m_GameObject: {fileID: 691051543725094715}
  m_Enabled: 1
  m_EditorHideFlags: 0
  m_Script: {fileID: 11500000, guid: a116937c7c247b84bbfeb0b6b08fed59, type: 3}
  m_Name: 
  m_EditorClassIdentifier: 
  m_Fps: {fileID: 11400000, guid: c065a6624a5ea6249818377b320da269, type: 2}
  m_Interval: 1
--- !u!114 &192987791520122
MonoBehaviour:
  m_ObjectHideFlags: 0
  m_CorrespondingSourceObject: {fileID: 0}
  m_PrefabInstance: {fileID: 0}
  m_PrefabAsset: {fileID: 0}
  m_GameObject: {fileID: 691051543725094715}
  m_Enabled: 1
  m_EditorHideFlags: 0
  m_Script: {fileID: 11500000, guid: 963f04e25871e46a48ae52ee02863a6c, type: 3}
  m_Name: 
  m_EditorClassIdentifier: 
  m_Interval: 5
  m_MaxInterval: 60
  m_FpsDeltaThreshold: 3
  m_Fps:
    _usage: 2
    _value: 0
    _constant: {fileID: 0}
    _variable: {fileID: 11400000, guid: c065a6624a5ea6249818377b320da269, type: 2}
    _variableInstancer: {fileID: 0}
  m_PlayerCount:
    _usage: 2
    _value: 0
    _constant: {fileID: 0}
    _variable: {fileID: 11400000, guid: 5707d8e6e5a97f740ba3d27d2b61bd8c, type: 2}
    _variableInstancer: {fileID: 0}
--- !u!1 &1757268876551938598
GameObject:
  m_ObjectHideFlags: 0
  m_CorrespondingSourceObject: {fileID: 0}
  m_PrefabInstance: {fileID: 0}
  m_PrefabAsset: {fileID: 0}
  serializedVersion: 6
  m_Component:
  - component: {fileID: 1757268876551938599}
  m_Layer: 0
  m_Name: Global
  m_TagString: Untagged
  m_Icon: {fileID: 0}
  m_NavMeshLayer: 0
  m_StaticEditorFlags: 2147483647
  m_IsActive: 1
--- !u!4 &1757268876551938599
Transform:
  m_ObjectHideFlags: 0
  m_CorrespondingSourceObject: {fileID: 0}
  m_PrefabInstance: {fileID: 0}
  m_PrefabAsset: {fileID: 0}
  m_GameObject: {fileID: 1757268876551938598}
  m_LocalRotation: {x: 0, y: 0, z: 0, w: 1}
  m_LocalPosition: {x: 0, y: 0, z: 0}
  m_LocalScale: {x: 1, y: 1, z: 1}
  m_ConstrainProportionsScale: 0
  m_Children:
  - {fileID: 7737721262367827361}
  - {fileID: 6953808792171881285}
  - {fileID: 2674195566811002176}
  - {fileID: 5947641462065686014}
  - {fileID: 4172582105444046001}
  - {fileID: 1406148602499953224}
  m_Father: {fileID: 0}
  m_RootOrder: 0
  m_LocalEulerAnglesHint: {x: 0, y: 0, z: 0}
--- !u!1 &1772030214375774223
GameObject:
  m_ObjectHideFlags: 0
  m_CorrespondingSourceObject: {fileID: 0}
  m_PrefabInstance: {fileID: 0}
  m_PrefabAsset: {fileID: 0}
  serializedVersion: 6
  m_Component:
  - component: {fileID: 4172582105444046001}
  - component: {fileID: 7761767582166703079}
  m_Layer: 0
  m_Name: Settings
  m_TagString: Untagged
  m_Icon: {fileID: 0}
  m_NavMeshLayer: 0
  m_StaticEditorFlags: 0
  m_IsActive: 1
--- !u!4 &4172582105444046001
Transform:
  m_ObjectHideFlags: 0
  m_CorrespondingSourceObject: {fileID: 0}
  m_PrefabInstance: {fileID: 0}
  m_PrefabAsset: {fileID: 0}
  m_GameObject: {fileID: 1772030214375774223}
  m_LocalRotation: {x: 0, y: 0, z: 0, w: 1}
  m_LocalPosition: {x: 0, y: 0, z: 0}
  m_LocalScale: {x: 1, y: 1, z: 1}
  m_ConstrainProportionsScale: 0
  m_Children: []
  m_Father: {fileID: 1757268876551938599}
  m_RootOrder: 4
  m_LocalEulerAnglesHint: {x: 0, y: 0, z: 0}
--- !u!114 &7761767582166703079
MonoBehaviour:
  m_ObjectHideFlags: 0
  m_CorrespondingSourceObject: {fileID: 0}
  m_PrefabInstance: {fileID: 0}
  m_PrefabAsset: {fileID: 0}
  m_GameObject: {fileID: 1772030214375774223}
  m_Enabled: 1
  m_EditorHideFlags: 0
  m_Script: {fileID: 11500000, guid: 527645b7af50298468c8d8b47f523cfe, type: 3}
  m_Name: 
  m_EditorClassIdentifier: 
  m_Settings:
  - {fileID: 11400000, guid: 2a9c5620d3038ba41ae4cf4a2c3e9cda, type: 2}
  - {fileID: 11400000, guid: edaca7b46fd8f43429355ab60daca71c, type: 2}
  - {fileID: 11400000, guid: dc82f9c5645d6f545a3ac61b478bf740, type: 2}
  - {fileID: 11400000, guid: c9d4210345147c9428851343a8f6efd4, type: 2}
  - {fileID: 11400000, guid: 2008dcd8b25e7114ead86106ba165f13, type: 2}
--- !u!1 &2905755944219840920
GameObject:
  m_ObjectHideFlags: 0
  m_CorrespondingSourceObject: {fileID: 0}
  m_PrefabInstance: {fileID: 0}
  m_PrefabAsset: {fileID: 0}
  serializedVersion: 6
  m_Component:
  - component: {fileID: 7737721262367827361}
  - component: {fileID: 6631382841140970822}
  m_Layer: 0
  m_Name: App
  m_TagString: Untagged
  m_Icon: {fileID: 0}
  m_NavMeshLayer: 0
  m_StaticEditorFlags: 0
  m_IsActive: 1
--- !u!4 &7737721262367827361
Transform:
  m_ObjectHideFlags: 0
  m_CorrespondingSourceObject: {fileID: 0}
  m_PrefabInstance: {fileID: 0}
  m_PrefabAsset: {fileID: 0}
  m_GameObject: {fileID: 2905755944219840920}
  m_LocalRotation: {x: 0, y: 0, z: 0, w: 1}
  m_LocalPosition: {x: 0, y: 0, z: 0}
  m_LocalScale: {x: 1, y: 1, z: 1}
  m_ConstrainProportionsScale: 0
  m_Children: []
  m_Father: {fileID: 1757268876551938599}
  m_RootOrder: 0
  m_LocalEulerAnglesHint: {x: 0, y: 0, z: 0}
--- !u!114 &6631382841140970822
MonoBehaviour:
  m_ObjectHideFlags: 0
  m_CorrespondingSourceObject: {fileID: 0}
  m_PrefabInstance: {fileID: 0}
  m_PrefabAsset: {fileID: 0}
  m_GameObject: {fileID: 2905755944219840920}
  m_Enabled: 1
  m_EditorHideFlags: 0
  m_Script: {fileID: 11500000, guid: ba035d20ba62244b196756b01e6e8e7d, type: 3}
  m_Name: 
  m_EditorClassIdentifier: 
  m_Store: {fileID: 11400000, guid: f46ec6bd3c68a40f19357a14468d6730, type: 2}
  m_Defs: {fileID: 11400000, guid: a555295657e3340ce8a920b23ca5fa93, type: 2}
--- !u!1001 &991046580771723974
PrefabInstance:
  m_ObjectHideFlags: 0
  serializedVersion: 2
  m_Modification:
    m_TransformParent: {fileID: 1757268876551938599}
    m_Modifications:
    - target: {fileID: 6447162626734944142, guid: f6eacd8f0a8a144e8aae3b92583f466a, type: 3}
      propertyPath: m_Name
      value: Entities
      objectReference: {fileID: 0}
    - target: {fileID: 7872296399179037059, guid: f6eacd8f0a8a144e8aae3b92583f466a, type: 3}
      propertyPath: m_RootOrder
      value: 1
      objectReference: {fileID: 0}
    - target: {fileID: 7872296399179037059, guid: f6eacd8f0a8a144e8aae3b92583f466a, type: 3}
      propertyPath: m_LocalPosition.x
      value: 0
      objectReference: {fileID: 0}
    - target: {fileID: 7872296399179037059, guid: f6eacd8f0a8a144e8aae3b92583f466a, type: 3}
      propertyPath: m_LocalPosition.y
      value: 0
      objectReference: {fileID: 0}
    - target: {fileID: 7872296399179037059, guid: f6eacd8f0a8a144e8aae3b92583f466a, type: 3}
      propertyPath: m_LocalPosition.z
      value: 0
      objectReference: {fileID: 0}
    - target: {fileID: 7872296399179037059, guid: f6eacd8f0a8a144e8aae3b92583f466a, type: 3}
      propertyPath: m_LocalRotation.w
      value: 1
      objectReference: {fileID: 0}
    - target: {fileID: 7872296399179037059, guid: f6eacd8f0a8a144e8aae3b92583f466a, type: 3}
      propertyPath: m_LocalRotation.x
      value: 0
      objectReference: {fileID: 0}
    - target: {fileID: 7872296399179037059, guid: f6eacd8f0a8a144e8aae3b92583f466a, type: 3}
      propertyPath: m_LocalRotation.y
      value: 0
      objectReference: {fileID: 0}
    - target: {fileID: 7872296399179037059, guid: f6eacd8f0a8a144e8aae3b92583f466a, type: 3}
      propertyPath: m_LocalRotation.z
      value: 0
      objectReference: {fileID: 0}
    - target: {fileID: 7872296399179037059, guid: f6eacd8f0a8a144e8aae3b92583f466a, type: 3}
      propertyPath: m_LocalEulerAnglesHint.x
      value: 0
      objectReference: {fileID: 0}
    - target: {fileID: 7872296399179037059, guid: f6eacd8f0a8a144e8aae3b92583f466a, type: 3}
      propertyPath: m_LocalEulerAnglesHint.y
      value: 0
      objectReference: {fileID: 0}
    - target: {fileID: 7872296399179037059, guid: f6eacd8f0a8a144e8aae3b92583f466a, type: 3}
      propertyPath: m_LocalEulerAnglesHint.z
      value: 0
      objectReference: {fileID: 0}
    m_RemovedComponents: []
  m_SourcePrefab: {fileID: 100100000, guid: f6eacd8f0a8a144e8aae3b92583f466a, type: 3}
--- !u!4 &6953808792171881285 stripped
Transform:
  m_CorrespondingSourceObject: {fileID: 7872296399179037059, guid: f6eacd8f0a8a144e8aae3b92583f466a, type: 3}
  m_PrefabInstance: {fileID: 991046580771723974}
  m_PrefabAsset: {fileID: 0}
--- !u!1001 &1675333466844434114
PrefabInstance:
  m_ObjectHideFlags: 0
  serializedVersion: 2
  m_Modification:
    m_TransformParent: {fileID: 1757268876551938599}
    m_Modifications:
    - target: {fileID: 5023130471099886396, guid: 81ea1c1e269c84f72856c299c0c1340b, type: 3}
      propertyPath: m_RootOrder
      value: 3
      objectReference: {fileID: 0}
    - target: {fileID: 5023130471099886396, guid: 81ea1c1e269c84f72856c299c0c1340b, type: 3}
      propertyPath: m_LocalPosition.x
      value: 281.56854
      objectReference: {fileID: 0}
    - target: {fileID: 5023130471099886396, guid: 81ea1c1e269c84f72856c299c0c1340b, type: 3}
      propertyPath: m_LocalPosition.y
      value: -9.056781
      objectReference: {fileID: 0}
    - target: {fileID: 5023130471099886396, guid: 81ea1c1e269c84f72856c299c0c1340b, type: 3}
      propertyPath: m_LocalPosition.z
      value: 8.478021
      objectReference: {fileID: 0}
    - target: {fileID: 5023130471099886396, guid: 81ea1c1e269c84f72856c299c0c1340b, type: 3}
      propertyPath: m_LocalRotation.w
      value: 1
      objectReference: {fileID: 0}
    - target: {fileID: 5023130471099886396, guid: 81ea1c1e269c84f72856c299c0c1340b, type: 3}
      propertyPath: m_LocalRotation.x
      value: -0
      objectReference: {fileID: 0}
    - target: {fileID: 5023130471099886396, guid: 81ea1c1e269c84f72856c299c0c1340b, type: 3}
      propertyPath: m_LocalRotation.y
      value: -0
      objectReference: {fileID: 0}
    - target: {fileID: 5023130471099886396, guid: 81ea1c1e269c84f72856c299c0c1340b, type: 3}
      propertyPath: m_LocalRotation.z
      value: -0
      objectReference: {fileID: 0}
    - target: {fileID: 5023130471099886396, guid: 81ea1c1e269c84f72856c299c0c1340b, type: 3}
      propertyPath: m_LocalEulerAnglesHint.x
      value: 0
      objectReference: {fileID: 0}
    - target: {fileID: 5023130471099886396, guid: 81ea1c1e269c84f72856c299c0c1340b, type: 3}
      propertyPath: m_LocalEulerAnglesHint.y
      value: 0
      objectReference: {fileID: 0}
    - target: {fileID: 5023130471099886396, guid: 81ea1c1e269c84f72856c299c0c1340b, type: 3}
      propertyPath: m_LocalEulerAnglesHint.z
      value: 0
      objectReference: {fileID: 0}
    - target: {fileID: 9191120909192673239, guid: 81ea1c1e269c84f72856c299c0c1340b, type: 3}
      propertyPath: m_Name
      value: Input
      objectReference: {fileID: 0}
    m_RemovedComponents: []
  m_SourcePrefab: {fileID: 100100000, guid: 81ea1c1e269c84f72856c299c0c1340b, type: 3}
--- !u!4 &5947641462065686014 stripped
Transform:
  m_CorrespondingSourceObject: {fileID: 5023130471099886396, guid: 81ea1c1e269c84f72856c299c0c1340b, type: 3}
  m_PrefabInstance: {fileID: 1675333466844434114}
  m_PrefabAsset: {fileID: 0}
--- !u!1001 &4392617088700013290
PrefabInstance:
  m_ObjectHideFlags: 0
  serializedVersion: 2
  m_Modification:
    m_TransformParent: {fileID: 1757268876551938599}
    m_Modifications:
    - target: {fileID: 222053624143887477, guid: cdd89245f20dc65498ae1ae938209b4a, type: 3}
      propertyPath: m_Name
      value: Audio
      objectReference: {fileID: 0}
    - target: {fileID: 1867044733465391018, guid: cdd89245f20dc65498ae1ae938209b4a, type: 3}
      propertyPath: m_RootOrder
      value: 2
      objectReference: {fileID: 0}
    - target: {fileID: 1867044733465391018, guid: cdd89245f20dc65498ae1ae938209b4a, type: 3}
      propertyPath: m_LocalPosition.x
      value: -80.59251
      objectReference: {fileID: 0}
    - target: {fileID: 1867044733465391018, guid: cdd89245f20dc65498ae1ae938209b4a, type: 3}
      propertyPath: m_LocalPosition.y
      value: 27.62387
      objectReference: {fileID: 0}
    - target: {fileID: 1867044733465391018, guid: cdd89245f20dc65498ae1ae938209b4a, type: 3}
      propertyPath: m_LocalPosition.z
      value: -52.425476
      objectReference: {fileID: 0}
    - target: {fileID: 1867044733465391018, guid: cdd89245f20dc65498ae1ae938209b4a, type: 3}
      propertyPath: m_LocalRotation.w
      value: 1
      objectReference: {fileID: 0}
    - target: {fileID: 1867044733465391018, guid: cdd89245f20dc65498ae1ae938209b4a, type: 3}
      propertyPath: m_LocalRotation.x
      value: 0
      objectReference: {fileID: 0}
    - target: {fileID: 1867044733465391018, guid: cdd89245f20dc65498ae1ae938209b4a, type: 3}
      propertyPath: m_LocalRotation.y
      value: 0
      objectReference: {fileID: 0}
    - target: {fileID: 1867044733465391018, guid: cdd89245f20dc65498ae1ae938209b4a, type: 3}
      propertyPath: m_LocalRotation.z
      value: 0
      objectReference: {fileID: 0}
    - target: {fileID: 1867044733465391018, guid: cdd89245f20dc65498ae1ae938209b4a, type: 3}
      propertyPath: m_LocalEulerAnglesHint.x
      value: 0
      objectReference: {fileID: 0}
    - target: {fileID: 1867044733465391018, guid: cdd89245f20dc65498ae1ae938209b4a, type: 3}
      propertyPath: m_LocalEulerAnglesHint.y
      value: 0
      objectReference: {fileID: 0}
    - target: {fileID: 1867044733465391018, guid: cdd89245f20dc65498ae1ae938209b4a, type: 3}
      propertyPath: m_LocalEulerAnglesHint.z
      value: 0
      objectReference: {fileID: 0}
    m_RemovedComponents: []
  m_SourcePrefab: {fileID: 100100000, guid: cdd89245f20dc65498ae1ae938209b4a, type: 3}
--- !u!4 &2674195566811002176 stripped
Transform:
  m_CorrespondingSourceObject: {fileID: 1867044733465391018, guid: cdd89245f20dc65498ae1ae938209b4a, type: 3}
  m_PrefabInstance: {fileID: 4392617088700013290}
  m_PrefabAsset: {fileID: 0}
